%YAML 1.1
%TAG !u! tag:unity3d.com,2011:
--- !u!29 &1
OcclusionCullingSettings:
  m_ObjectHideFlags: 0
  serializedVersion: 2
  m_OcclusionBakeSettings:
    smallestOccluder: 5
    smallestHole: 0.25
    backfaceThreshold: 100
  m_SceneGUID: 00000000000000000000000000000000
  m_OcclusionCullingData: {fileID: 0}
--- !u!104 &2
RenderSettings:
  m_ObjectHideFlags: 0
  serializedVersion: 9
  m_Fog: 0
  m_FogColor: {r: 0.5, g: 0.5, b: 0.5, a: 1}
  m_FogMode: 3
  m_FogDensity: 0.01
  m_LinearFogStart: 0
  m_LinearFogEnd: 300
  m_AmbientSkyColor: {r: 0.212, g: 0.227, b: 0.259, a: 1}
  m_AmbientEquatorColor: {r: 0.114, g: 0.125, b: 0.133, a: 1}
  m_AmbientGroundColor: {r: 0.047, g: 0.043, b: 0.035, a: 1}
  m_AmbientIntensity: 1
  m_AmbientMode: 0
  m_SubtractiveShadowColor: {r: 0.42, g: 0.478, b: 0.627, a: 1}
  m_SkyboxMaterial: {fileID: 10304, guid: 0000000000000000f000000000000000, type: 0}
  m_HaloStrength: 0.5
  m_FlareStrength: 1
  m_FlareFadeSpeed: 3
  m_HaloTexture: {fileID: 0}
  m_SpotCookie: {fileID: 10001, guid: 0000000000000000e000000000000000, type: 0}
  m_DefaultReflectionMode: 0
  m_DefaultReflectionResolution: 128
  m_ReflectionBounces: 1
  m_ReflectionIntensity: 1
  m_CustomReflection: {fileID: 0}
  m_Sun: {fileID: 0}
  m_IndirectSpecularColor: {r: 0.43702915, g: 0.48472315, b: 0.5649847, a: 1}
  m_UseRadianceAmbientProbe: 0
--- !u!157 &3
LightmapSettings:
  m_ObjectHideFlags: 0
  serializedVersion: 11
  m_GIWorkflowMode: 0
  m_GISettings:
    serializedVersion: 2
    m_BounceScale: 1
    m_IndirectOutputScale: 1
    m_AlbedoBoost: 1
    m_EnvironmentLightingMode: 0
    m_EnableBakedLightmaps: 1
    m_EnableRealtimeLightmaps: 1
  m_LightmapEditorSettings:
    serializedVersion: 12
    m_Resolution: 2
    m_BakeResolution: 40
    m_AtlasSize: 1024
    m_AO: 0
    m_AOMaxDistance: 1
    m_CompAOExponent: 1
    m_CompAOExponentDirect: 0
    m_ExtractAmbientOcclusion: 0
    m_Padding: 2
    m_LightmapParameters: {fileID: 0}
    m_LightmapsBakeMode: 1
    m_TextureCompression: 1
    m_FinalGather: 0
    m_FinalGatherFiltering: 1
    m_FinalGatherRayCount: 256
    m_ReflectionCompression: 2
    m_MixedBakeMode: 2
    m_BakeBackend: 1
    m_PVRSampling: 1
    m_PVRDirectSampleCount: 32
    m_PVRSampleCount: 512
    m_PVRBounces: 2
    m_PVREnvironmentSampleCount: 256
    m_PVREnvironmentReferencePointCount: 2048
    m_PVRFilteringMode: 1
    m_PVRDenoiserTypeDirect: 1
    m_PVRDenoiserTypeIndirect: 1
    m_PVRDenoiserTypeAO: 1
    m_PVRFilterTypeDirect: 0
    m_PVRFilterTypeIndirect: 0
    m_PVRFilterTypeAO: 0
    m_PVREnvironmentMIS: 1
    m_PVRCulling: 1
    m_PVRFilteringGaussRadiusDirect: 1
    m_PVRFilteringGaussRadiusIndirect: 5
    m_PVRFilteringGaussRadiusAO: 2
    m_PVRFilteringAtrousPositionSigmaDirect: 0.5
    m_PVRFilteringAtrousPositionSigmaIndirect: 2
    m_PVRFilteringAtrousPositionSigmaAO: 1
    m_ExportTrainingData: 0
    m_TrainingDataDestination: TrainingData
  m_LightingDataAsset: {fileID: 112000000, guid: 293181105526ce2489ccc30e7877a7c9,
    type: 2}
  m_UseShadowmask: 1
--- !u!196 &4
NavMeshSettings:
  serializedVersion: 2
  m_ObjectHideFlags: 0
  m_BuildSettings:
    serializedVersion: 2
    agentTypeID: 0
    agentRadius: 0.5
    agentHeight: 2
    agentSlope: 45
    agentClimb: 0.4
    ledgeDropHeight: 0
    maxJumpAcrossDistance: 0
    minRegionArea: 2
    manualCellSize: 0
    cellSize: 0.16666667
    manualTileSize: 0
    tileSize: 256
    accuratePlacement: 0
    debug:
      m_Flags: 0
  m_NavMeshData: {fileID: 0}
--- !u!1 &367573940 stripped
GameObject:
  m_CorrespondingSourceObject: {fileID: 8757352276815945798, guid: f1ea1fab99bfaef40b4aa22f0b76ed13,
    type: 3}
  m_PrefabInstance: {fileID: 1204913127}
  m_PrefabAsset: {fileID: 0}
--- !u!114 &533630796 stripped
MonoBehaviour:
  m_CorrespondingSourceObject: {fileID: 8757352276810521228, guid: f1ea1fab99bfaef40b4aa22f0b76ed13,
    type: 3}
  m_PrefabInstance: {fileID: 1204913127}
  m_PrefabAsset: {fileID: 0}
  m_GameObject: {fileID: 0}
  m_Enabled: 1
  m_EditorHideFlags: 0
  m_Script: {fileID: 11500000, guid: 5f7201a12d95ffc409449d95f23cf332, type: 3}
  m_Name: 
  m_EditorClassIdentifier: 
--- !u!1 &583846942
GameObject:
  m_ObjectHideFlags: 0
  m_CorrespondingSourceObject: {fileID: 0}
  m_PrefabInstance: {fileID: 0}
  m_PrefabAsset: {fileID: 0}
  serializedVersion: 6
  m_Component:
  - component: {fileID: 583846944}
  - component: {fileID: 583846943}
  m_Layer: 0
  m_Name: GroundPlacementController
  m_TagString: Untagged
  m_Icon: {fileID: 0}
  m_NavMeshLayer: 0
  m_StaticEditorFlags: 0
  m_IsActive: 1
--- !u!114 &583846943
MonoBehaviour:
  m_ObjectHideFlags: 0
  m_CorrespondingSourceObject: {fileID: 0}
  m_PrefabInstance: {fileID: 0}
  m_PrefabAsset: {fileID: 0}
  m_GameObject: {fileID: 583846942}
  m_Enabled: 1
  m_EditorHideFlags: 0
  m_Script: {fileID: 11500000, guid: 62a5327ec8bd5ba458b5783332da7acb, type: 3}
  m_Name: 
  m_EditorClassIdentifier: 
  target: {fileID: 1816176021}
  structure: {fileID: 0}
  Roadspot: {fileID: 0}
  buildingmenu: {fileID: 367573940}
  gridSize: 1
  InUI: 0
  BuildingsBuildings: []
--- !u!4 &583846944
Transform:
  m_ObjectHideFlags: 0
  m_CorrespondingSourceObject: {fileID: 0}
  m_PrefabInstance: {fileID: 0}
  m_PrefabAsset: {fileID: 0}
  m_GameObject: {fileID: 583846942}
  m_LocalRotation: {x: 0, y: 0, z: 0, w: 1}
  m_LocalPosition: {x: 384.7428, y: -467.93097, z: 373.33664}
  m_LocalScale: {x: 1, y: 1, z: 1}
  m_Children: []
  m_Father: {fileID: 0}
  m_RootOrder: 2
  m_LocalEulerAnglesHint: {x: 0, y: 0, z: 0}
--- !u!114 &634162386 stripped
MonoBehaviour:
  m_CorrespondingSourceObject: {fileID: 8757352276606287186, guid: f1ea1fab99bfaef40b4aa22f0b76ed13,
    type: 3}
  m_PrefabInstance: {fileID: 1204913127}
  m_PrefabAsset: {fileID: 0}
  m_GameObject: {fileID: 0}
  m_Enabled: 1
  m_EditorHideFlags: 0
  m_Script: {fileID: 11500000, guid: 1344c3c82d62a2a41a3576d8abb8e3ea, type: 3}
  m_Name: 
  m_EditorClassIdentifier: 
--- !u!1 &665932504
GameObject:
  m_ObjectHideFlags: 0
  m_CorrespondingSourceObject: {fileID: 0}
  m_PrefabInstance: {fileID: 0}
  m_PrefabAsset: {fileID: 0}
  serializedVersion: 6
  m_Component:
  - component: {fileID: 665932505}
  m_Layer: 0
  m_Name: Enviroment
  m_TagString: Untagged
  m_Icon: {fileID: 0}
  m_NavMeshLayer: 0
  m_StaticEditorFlags: 0
  m_IsActive: 1
--- !u!4 &665932505
Transform:
  m_ObjectHideFlags: 0
  m_CorrespondingSourceObject: {fileID: 0}
  m_PrefabInstance: {fileID: 0}
  m_PrefabAsset: {fileID: 0}
  m_GameObject: {fileID: 665932504}
  m_LocalRotation: {x: 0, y: 0, z: 0, w: 1}
  m_LocalPosition: {x: 383.04517, y: -472.8789, z: 372.6588}
  m_LocalScale: {x: 1, y: 1, z: 1}
  m_Children:
  - {fileID: 1816176022}
  - {fileID: 791776726}
  - {fileID: 1252490661}
  - {fileID: 774493472}
  m_Father: {fileID: 0}
  m_RootOrder: 0
  m_LocalEulerAnglesHint: {x: 0, y: 0, z: 0}
--- !u!1 &774493471
GameObject:
  m_ObjectHideFlags: 0
  m_CorrespondingSourceObject: {fileID: 0}
  m_PrefabInstance: {fileID: 0}
  m_PrefabAsset: {fileID: 0}
  serializedVersion: 6
  m_Component:
  - component: {fileID: 774493472}
  - component: {fileID: 774493474}
  - component: {fileID: 774493473}
  m_Layer: 0
  m_Name: Terrain
  m_TagString: Terrain
  m_Icon: {fileID: 0}
  m_NavMeshLayer: 0
  m_StaticEditorFlags: 4294967295
  m_IsActive: 1
--- !u!4 &774493472
Transform:
  m_ObjectHideFlags: 0
  m_CorrespondingSourceObject: {fileID: 0}
  m_PrefabInstance: {fileID: 0}
  m_PrefabAsset: {fileID: 0}
  m_GameObject: {fileID: 774493471}
  m_LocalRotation: {x: 0, y: 0, z: 0, w: 1}
  m_LocalPosition: {x: 0, y: 0, z: 0}
  m_LocalScale: {x: 1, y: 1, z: 1}
  m_Children: []
  m_Father: {fileID: 665932505}
  m_RootOrder: 3
  m_LocalEulerAnglesHint: {x: 0, y: 0, z: 0}
--- !u!154 &774493473
TerrainCollider:
  m_ObjectHideFlags: 0
  m_CorrespondingSourceObject: {fileID: 0}
  m_PrefabInstance: {fileID: 0}
  m_PrefabAsset: {fileID: 0}
  m_GameObject: {fileID: 774493471}
  m_Material: {fileID: 0}
  m_Enabled: 1
  m_TerrainData: {fileID: 15600000, guid: 9c2b446cdb16d5242b4f12fd81c4d08b, type: 2}
  m_EnableTreeColliders: 1
--- !u!218 &774493474
Terrain:
  m_ObjectHideFlags: 0
  m_CorrespondingSourceObject: {fileID: 0}
  m_PrefabInstance: {fileID: 0}
  m_PrefabAsset: {fileID: 0}
  m_GameObject: {fileID: 774493471}
  m_Enabled: 1
  serializedVersion: 5
  m_TerrainData: {fileID: 15600000, guid: 9c2b446cdb16d5242b4f12fd81c4d08b, type: 2}
  m_TreeDistance: 5000
  m_TreeBillboardDistance: 50
  m_TreeCrossFadeLength: 5
  m_TreeMaximumFullLODCount: 50
  m_DetailObjectDistance: 80
  m_DetailObjectDensity: 1
  m_HeightmapPixelError: 5
  m_SplatMapDistance: 1000
  m_HeightmapMaximumLOD: 0
  m_ShadowCastingMode: 2
  m_DrawHeightmap: 1
  m_DrawInstanced: 0
  m_DrawTreesAndFoliage: 1
  m_ReflectionProbeUsage: 1
  m_MaterialTemplate: {fileID: 10652, guid: 0000000000000000f000000000000000, type: 0}
  m_BakeLightProbesForTrees: 1
  m_PreserveTreePrototypeLayers: 0
  m_DeringLightProbesForTrees: 1
  m_ScaleInLightmap: 0.0256
  m_LightmapParameters: {fileID: 15203, guid: 0000000000000000f000000000000000, type: 0}
  m_GroupingID: 0
  m_AllowAutoConnect: 1
--- !u!1 &791776724
GameObject:
  m_ObjectHideFlags: 0
  m_CorrespondingSourceObject: {fileID: 0}
  m_PrefabInstance: {fileID: 0}
  m_PrefabAsset: {fileID: 0}
  serializedVersion: 6
  m_Component:
  - component: {fileID: 791776726}
  - component: {fileID: 791776725}
  m_Layer: 0
  m_Name: Directional Light
  m_TagString: Untagged
  m_Icon: {fileID: 0}
  m_NavMeshLayer: 0
  m_StaticEditorFlags: 0
  m_IsActive: 1
--- !u!108 &791776725
Light:
  m_ObjectHideFlags: 0
  m_CorrespondingSourceObject: {fileID: 0}
  m_PrefabInstance: {fileID: 0}
  m_PrefabAsset: {fileID: 0}
  m_GameObject: {fileID: 791776724}
  m_Enabled: 1
  serializedVersion: 9
  m_Type: 1
  m_Color: {r: 1, g: 0.95686275, b: 0.8392157, a: 1}
  m_Intensity: 1
  m_Range: 10
  m_SpotAngle: 30
  m_InnerSpotAngle: 21.80208
  m_CookieSize: 10
  m_Shadows:
    m_Type: 2
    m_Resolution: -1
    m_CustomResolution: -1
    m_Strength: 1
    m_Bias: 0.05
    m_NormalBias: 0.4
    m_NearPlane: 0.2
    m_CullingMatrixOverride:
      e00: 1
      e01: 0
      e02: 0
      e03: 0
      e10: 0
      e11: 1
      e12: 0
      e13: 0
      e20: 0
      e21: 0
      e22: 1
      e23: 0
      e30: 0
      e31: 0
      e32: 0
      e33: 1
    m_UseCullingMatrixOverride: 0
  m_Cookie: {fileID: 0}
  m_DrawHalo: 0
  m_Flare: {fileID: 0}
  m_RenderMode: 0
  m_CullingMask:
    serializedVersion: 2
    m_Bits: 4294967295
  m_RenderingLayerMask: 1
  m_Lightmapping: 2
  m_LightShadowCasterMode: 0
  m_AreaSize: {x: 1, y: 1}
  m_BounceIntensity: 1
  m_ColorTemperature: 6570
  m_UseColorTemperature: 0
  m_BoundingSphereOverride: {x: 0, y: 0, z: 0, w: 0}
  m_UseBoundingSphereOverride: 0
  m_ShadowRadius: 0
  m_ShadowAngle: 0
--- !u!4 &791776726
Transform:
  m_ObjectHideFlags: 0
  m_CorrespondingSourceObject: {fileID: 0}
  m_PrefabInstance: {fileID: 0}
  m_PrefabAsset: {fileID: 0}
  m_GameObject: {fileID: 791776724}
  m_LocalRotation: {x: 0.74623173, y: 0, z: 0, w: 0.66568637}
  m_LocalPosition: {x: -383.04517, y: 475.8789, z: -372.6588}
  m_LocalScale: {x: 1, y: 1, z: 1}
  m_Children: []
  m_Father: {fileID: 665932505}
  m_RootOrder: 1
  m_LocalEulerAnglesHint: {x: 96.53, y: 0, z: 0}
--- !u!1001 &1204913127
PrefabInstance:
  m_ObjectHideFlags: 0
  serializedVersion: 2
  m_Modification:
    m_TransformParent: {fileID: 0}
    m_Modifications:
    - target: {fileID: 1809979331615437543, guid: f1ea1fab99bfaef40b4aa22f0b76ed13,
        type: 3}
      propertyPath: m_AnchoredPosition.x
      value: -423
      objectReference: {fileID: 0}
    - target: {fileID: 5195179820100892851, guid: f1ea1fab99bfaef40b4aa22f0b76ed13,
        type: 3}
      propertyPath: m_Name
      value: Food
      objectReference: {fileID: 0}
    - target: {fileID: 8757352275531755728, guid: f1ea1fab99bfaef40b4aa22f0b76ed13,
        type: 3}
      propertyPath: m_Sprite
      value: 
      objectReference: {fileID: 21300000, guid: 1b897b3fa8af8594aa8c544474d74d1f,
        type: 3}
    - target: {fileID: 8757352275616425154, guid: f1ea1fab99bfaef40b4aa22f0b76ed13,
        type: 3}
      propertyPath: m_Name
      value: Stable
      objectReference: {fileID: 0}
    - target: {fileID: 8757352275782235095, guid: f1ea1fab99bfaef40b4aa22f0b76ed13,
        type: 3}
      propertyPath: m_Texture
      value: 
      objectReference: {fileID: 2800000, guid: 6f9dd16f1be7bd645adcd9d08770f87b, type: 3}
    - target: {fileID: 8757352275789291906, guid: f1ea1fab99bfaef40b4aa22f0b76ed13,
        type: 3}
      propertyPath: m_Texture
      value: 
      objectReference: {fileID: 2800000, guid: bc1bf1e838d41364e8173150ccb19335, type: 3}
    - target: {fileID: 8757352275942488554, guid: f1ea1fab99bfaef40b4aa22f0b76ed13,
        type: 3}
      propertyPath: m_Name
      value: Tavern
      objectReference: {fileID: 0}
    - target: {fileID: 8757352275974425722, guid: f1ea1fab99bfaef40b4aa22f0b76ed13,
        type: 3}
      propertyPath: m_Texture
      value: 
      objectReference: {fileID: 2800000, guid: 4741591e51e201147b89bc07e07f3b1e, type: 3}
    - target: {fileID: 8757352275990923738, guid: f1ea1fab99bfaef40b4aa22f0b76ed13,
        type: 3}
      propertyPath: m_Texture
      value: 
      objectReference: {fileID: 2800000, guid: 35d3fed753100244ca63cff3bef55740, type: 3}
    - target: {fileID: 8757352276108904266, guid: f1ea1fab99bfaef40b4aa22f0b76ed13,
        type: 3}
      propertyPath: m_Name
      value: FarmerHouse
      objectReference: {fileID: 0}
    - target: {fileID: 8757352276108904268, guid: f1ea1fab99bfaef40b4aa22f0b76ed13,
        type: 3}
      propertyPath: m_OnClick.m_PersistentCalls.m_Calls.Array.data[0].m_Target
      value: 
      objectReference: {fileID: 583846943}
    - target: {fileID: 8757352276108904268, guid: f1ea1fab99bfaef40b4aa22f0b76ed13,
        type: 3}
      propertyPath: m_OnClick.m_PersistentCalls.m_Calls.Array.data[0].m_MethodName
      value: NewBuilding
      objectReference: {fileID: 0}
    - target: {fileID: 8757352276108904268, guid: f1ea1fab99bfaef40b4aa22f0b76ed13,
        type: 3}
      propertyPath: m_Colors.m_NormalColor.r
      value: 1
      objectReference: {fileID: 0}
    - target: {fileID: 8757352276108904268, guid: f1ea1fab99bfaef40b4aa22f0b76ed13,
        type: 3}
      propertyPath: m_Colors.m_NormalColor.g
      value: 1
      objectReference: {fileID: 0}
    - target: {fileID: 8757352276108904268, guid: f1ea1fab99bfaef40b4aa22f0b76ed13,
        type: 3}
      propertyPath: m_Colors.m_NormalColor.b
      value: 1
      objectReference: {fileID: 0}
    - target: {fileID: 8757352276108904268, guid: f1ea1fab99bfaef40b4aa22f0b76ed13,
        type: 3}
      propertyPath: m_Colors.m_ColorMultiplier
      value: 1
      objectReference: {fileID: 0}
    - target: {fileID: 8757352276108904268, guid: f1ea1fab99bfaef40b4aa22f0b76ed13,
        type: 3}
      propertyPath: m_Colors.m_NormalColor.a
      value: 1
      objectReference: {fileID: 0}
    - target: {fileID: 8757352276108904268, guid: f1ea1fab99bfaef40b4aa22f0b76ed13,
        type: 3}
      propertyPath: m_Transition
      value: 1
      objectReference: {fileID: 0}
    - target: {fileID: 8757352276108904269, guid: f1ea1fab99bfaef40b4aa22f0b76ed13,
        type: 3}
      propertyPath: m_Sprite
      value: 
      objectReference: {fileID: 0}
    - target: {fileID: 8757352276108904269, guid: f1ea1fab99bfaef40b4aa22f0b76ed13,
        type: 3}
      propertyPath: m_Color.a
      value: 1
      objectReference: {fileID: 0}
    - target: {fileID: 8757352276108904269, guid: f1ea1fab99bfaef40b4aa22f0b76ed13,
        type: 3}
      propertyPath: m_UseSpriteMesh
      value: 0
      objectReference: {fileID: 0}
    - target: {fileID: 8757352276108904269, guid: f1ea1fab99bfaef40b4aa22f0b76ed13,
        type: 3}
      propertyPath: m_RaycastTarget
      value: 1
      objectReference: {fileID: 0}
    - target: {fileID: 8757352276108904269, guid: f1ea1fab99bfaef40b4aa22f0b76ed13,
        type: 3}
      propertyPath: m_Type
      value: 0
      objectReference: {fileID: 0}
    - target: {fileID: 8757352276108904269, guid: f1ea1fab99bfaef40b4aa22f0b76ed13,
        type: 3}
      propertyPath: m_Color.r
      value: 1
      objectReference: {fileID: 0}
    - target: {fileID: 8757352276108904269, guid: f1ea1fab99bfaef40b4aa22f0b76ed13,
        type: 3}
      propertyPath: m_Color.g
      value: 1
      objectReference: {fileID: 0}
    - target: {fileID: 8757352276108904269, guid: f1ea1fab99bfaef40b4aa22f0b76ed13,
        type: 3}
      propertyPath: m_Color.b
      value: 1
      objectReference: {fileID: 0}
    - target: {fileID: 8757352276108904269, guid: f1ea1fab99bfaef40b4aa22f0b76ed13,
        type: 3}
      propertyPath: m_PreserveAspect
      value: 0
      objectReference: {fileID: 0}
    - target: {fileID: 8757352276108904270, guid: f1ea1fab99bfaef40b4aa22f0b76ed13,
        type: 3}
      propertyPath: m_CullTransparentMesh
      value: 0
      objectReference: {fileID: 0}
    - target: {fileID: 8757352276326873539, guid: f1ea1fab99bfaef40b4aa22f0b76ed13,
        type: 3}
      propertyPath: m_Name
      value: Blacksmith
      objectReference: {fileID: 0}
    - target: {fileID: 8757352276374171141, guid: f1ea1fab99bfaef40b4aa22f0b76ed13,
        type: 3}
      propertyPath: m_Name
      value: Happy
      objectReference: {fileID: 0}
    - target: {fileID: 8757352276374171142, guid: f1ea1fab99bfaef40b4aa22f0b76ed13,
        type: 3}
      propertyPath: m_AnchoredPosition.x
      value: 162.1
      objectReference: {fileID: 0}
    - target: {fileID: 8757352276424845344, guid: f1ea1fab99bfaef40b4aa22f0b76ed13,
        type: 3}
      propertyPath: m_OnClick.m_PersistentCalls.m_Calls.Array.size
      value: 1
      objectReference: {fileID: 0}
    - target: {fileID: 8757352276424845344, guid: f1ea1fab99bfaef40b4aa22f0b76ed13,
        type: 3}
      propertyPath: m_OnClick.m_PersistentCalls.m_Calls.Array.data[0].m_Mode
      value: 2
      objectReference: {fileID: 0}
    - target: {fileID: 8757352276424845344, guid: f1ea1fab99bfaef40b4aa22f0b76ed13,
        type: 3}
      propertyPath: m_OnClick.m_PersistentCalls.m_Calls.Array.data[0].m_CallState
      value: 2
      objectReference: {fileID: 0}
    - target: {fileID: 8757352276424845344, guid: f1ea1fab99bfaef40b4aa22f0b76ed13,
        type: 3}
      propertyPath: m_OnClick.m_PersistentCalls.m_Calls.Array.data[0].m_Target
      value: 
      objectReference: {fileID: 583846943}
    - target: {fileID: 8757352276424845344, guid: f1ea1fab99bfaef40b4aa22f0b76ed13,
        type: 3}
      propertyPath: m_OnClick.m_PersistentCalls.m_Calls.Array.data[0].m_MethodName
      value: NewBuilding
      objectReference: {fileID: 0}
    - target: {fileID: 8757352276424845344, guid: f1ea1fab99bfaef40b4aa22f0b76ed13,
        type: 3}
      propertyPath: m_OnClick.m_PersistentCalls.m_Calls.Array.data[0].m_Arguments.m_ObjectArgumentAssemblyTypeName
      value: UnityEngine.GameObject, UnityEngine
      objectReference: {fileID: 0}
    - target: {fileID: 8757352276424845344, guid: f1ea1fab99bfaef40b4aa22f0b76ed13,
        type: 3}
      propertyPath: m_OnClick.m_PersistentCalls.m_Calls.Array.data[0].m_Arguments.m_ObjectArgument
      value: 
      objectReference: {fileID: 175340, guid: f90403a28907bea4f8285dd8e95d3043, type: 3}
    - target: {fileID: 8757352276424845374, guid: f1ea1fab99bfaef40b4aa22f0b76ed13,
        type: 3}
      propertyPath: m_Name
      value: HouseLVL1
      objectReference: {fileID: 0}
    - target: {fileID: 8757352276487465232, guid: f1ea1fab99bfaef40b4aa22f0b76ed13,
        type: 3}
      propertyPath: m_OnClick.m_PersistentCalls.m_Calls.Array.data[0].m_Target
      value: 
      objectReference: {fileID: 583846943}
    - target: {fileID: 8757352276487465232, guid: f1ea1fab99bfaef40b4aa22f0b76ed13,
        type: 3}
      propertyPath: m_OnClick.m_PersistentCalls.m_Calls.Array.data[0].m_MethodName
      value: NewBuilding
      objectReference: {fileID: 0}
    - target: {fileID: 8757352276487465454, guid: f1ea1fab99bfaef40b4aa22f0b76ed13,
        type: 3}
      propertyPath: m_Name
      value: Farm
      objectReference: {fileID: 0}
    - target: {fileID: 8757352276495454649, guid: f1ea1fab99bfaef40b4aa22f0b76ed13,
        type: 3}
      propertyPath: m_Name
      value: Road
      objectReference: {fileID: 0}
    - target: {fileID: 8757352276495454651, guid: f1ea1fab99bfaef40b4aa22f0b76ed13,
        type: 3}
      propertyPath: m_OnClick.m_PersistentCalls.m_Calls.Array.size
      value: 2
      objectReference: {fileID: 0}
    - target: {fileID: 8757352276495454651, guid: f1ea1fab99bfaef40b4aa22f0b76ed13,
        type: 3}
      propertyPath: m_OnClick.m_PersistentCalls.m_Calls.Array.data[0].m_Mode
      value: 2
      objectReference: {fileID: 0}
    - target: {fileID: 8757352276495454651, guid: f1ea1fab99bfaef40b4aa22f0b76ed13,
        type: 3}
      propertyPath: m_OnClick.m_PersistentCalls.m_Calls.Array.data[0].m_CallState
      value: 2
      objectReference: {fileID: 0}
    - target: {fileID: 8757352276495454651, guid: f1ea1fab99bfaef40b4aa22f0b76ed13,
        type: 3}
      propertyPath: m_OnClick.m_PersistentCalls.m_Calls.Array.data[0].m_Target
      value: 
      objectReference: {fileID: 583846943}
    - target: {fileID: 8757352276495454651, guid: f1ea1fab99bfaef40b4aa22f0b76ed13,
        type: 3}
      propertyPath: m_OnClick.m_PersistentCalls.m_Calls.Array.data[0].m_MethodName
      value: NewBuilding
      objectReference: {fileID: 0}
    - target: {fileID: 8757352276495454651, guid: f1ea1fab99bfaef40b4aa22f0b76ed13,
        type: 3}
      propertyPath: m_OnClick.m_PersistentCalls.m_Calls.Array.data[0].m_Arguments.m_ObjectArgument
      value: 
      objectReference: {fileID: 2308863656174769659, guid: 80aa7857fcb62cf42a9f40ea704ca0fc,
        type: 3}
    - target: {fileID: 8757352276495454651, guid: f1ea1fab99bfaef40b4aa22f0b76ed13,
        type: 3}
      propertyPath: m_OnClick.m_PersistentCalls.m_Calls.Array.data[0].m_Arguments.m_ObjectArgumentAssemblyTypeName
      value: UnityEngine.GameObject, UnityEngine
      objectReference: {fileID: 0}
    - target: {fileID: 8757352276495454651, guid: f1ea1fab99bfaef40b4aa22f0b76ed13,
        type: 3}
      propertyPath: m_OnClick.m_PersistentCalls.m_Calls.Array.data[1].m_MethodName
      value: StartPlacingRoad
      objectReference: {fileID: 0}
    - target: {fileID: 8757352276495454651, guid: f1ea1fab99bfaef40b4aa22f0b76ed13,
        type: 3}
      propertyPath: m_OnClick.m_PersistentCalls.m_Calls.Array.data[1].m_Arguments.m_ObjectArgumentAssemblyTypeName
      value: UnityEngine.Object, UnityEngine
      objectReference: {fileID: 0}
    - target: {fileID: 8757352276495454651, guid: f1ea1fab99bfaef40b4aa22f0b76ed13,
        type: 3}
      propertyPath: m_OnClick.m_PersistentCalls.m_Calls.Array.data[1].m_Target
      value: 
      objectReference: {fileID: 583846943}
    - target: {fileID: 8757352276530004035, guid: f1ea1fab99bfaef40b4aa22f0b76ed13,
        type: 3}
      propertyPath: m_Name
      value: Canvas
      objectReference: {fileID: 0}
    - target: {fileID: 8757352276530004038, guid: f1ea1fab99bfaef40b4aa22f0b76ed13,
        type: 3}
      propertyPath: m_RenderMode
      value: 0
      objectReference: {fileID: 0}
    - target: {fileID: 8757352276530004039, guid: f1ea1fab99bfaef40b4aa22f0b76ed13,
        type: 3}
      propertyPath: m_LocalPosition.x
      value: 0
      objectReference: {fileID: 0}
    - target: {fileID: 8757352276530004039, guid: f1ea1fab99bfaef40b4aa22f0b76ed13,
        type: 3}
      propertyPath: m_LocalPosition.y
      value: 0
      objectReference: {fileID: 0}
    - target: {fileID: 8757352276530004039, guid: f1ea1fab99bfaef40b4aa22f0b76ed13,
        type: 3}
      propertyPath: m_LocalPosition.z
      value: 0
      objectReference: {fileID: 0}
    - target: {fileID: 8757352276530004039, guid: f1ea1fab99bfaef40b4aa22f0b76ed13,
        type: 3}
      propertyPath: m_LocalRotation.x
      value: 0
      objectReference: {fileID: 0}
    - target: {fileID: 8757352276530004039, guid: f1ea1fab99bfaef40b4aa22f0b76ed13,
        type: 3}
      propertyPath: m_LocalRotation.y
      value: 0
      objectReference: {fileID: 0}
    - target: {fileID: 8757352276530004039, guid: f1ea1fab99bfaef40b4aa22f0b76ed13,
        type: 3}
      propertyPath: m_LocalRotation.z
      value: 0
      objectReference: {fileID: 0}
    - target: {fileID: 8757352276530004039, guid: f1ea1fab99bfaef40b4aa22f0b76ed13,
        type: 3}
      propertyPath: m_LocalRotation.w
      value: 1
      objectReference: {fileID: 0}
    - target: {fileID: 8757352276530004039, guid: f1ea1fab99bfaef40b4aa22f0b76ed13,
        type: 3}
      propertyPath: m_RootOrder
      value: 3
      objectReference: {fileID: 0}
    - target: {fileID: 8757352276530004039, guid: f1ea1fab99bfaef40b4aa22f0b76ed13,
        type: 3}
      propertyPath: m_LocalEulerAnglesHint.x
      value: 0
      objectReference: {fileID: 0}
    - target: {fileID: 8757352276530004039, guid: f1ea1fab99bfaef40b4aa22f0b76ed13,
        type: 3}
      propertyPath: m_LocalEulerAnglesHint.y
      value: 0
      objectReference: {fileID: 0}
    - target: {fileID: 8757352276530004039, guid: f1ea1fab99bfaef40b4aa22f0b76ed13,
        type: 3}
      propertyPath: m_LocalEulerAnglesHint.z
      value: 0
      objectReference: {fileID: 0}
    - target: {fileID: 8757352276530004039, guid: f1ea1fab99bfaef40b4aa22f0b76ed13,
        type: 3}
      propertyPath: m_AnchoredPosition.x
      value: 0
      objectReference: {fileID: 0}
    - target: {fileID: 8757352276530004039, guid: f1ea1fab99bfaef40b4aa22f0b76ed13,
        type: 3}
      propertyPath: m_AnchoredPosition.y
      value: 0
      objectReference: {fileID: 0}
    - target: {fileID: 8757352276530004039, guid: f1ea1fab99bfaef40b4aa22f0b76ed13,
        type: 3}
      propertyPath: m_SizeDelta.x
      value: 0
      objectReference: {fileID: 0}
    - target: {fileID: 8757352276530004039, guid: f1ea1fab99bfaef40b4aa22f0b76ed13,
        type: 3}
      propertyPath: m_SizeDelta.y
      value: 0
      objectReference: {fileID: 0}
    - target: {fileID: 8757352276530004039, guid: f1ea1fab99bfaef40b4aa22f0b76ed13,
        type: 3}
      propertyPath: m_AnchorMin.x
      value: 0
      objectReference: {fileID: 0}
    - target: {fileID: 8757352276530004039, guid: f1ea1fab99bfaef40b4aa22f0b76ed13,
        type: 3}
      propertyPath: m_AnchorMin.y
      value: 0
      objectReference: {fileID: 0}
    - target: {fileID: 8757352276530004039, guid: f1ea1fab99bfaef40b4aa22f0b76ed13,
        type: 3}
      propertyPath: m_AnchorMax.x
      value: 0
      objectReference: {fileID: 0}
    - target: {fileID: 8757352276530004039, guid: f1ea1fab99bfaef40b4aa22f0b76ed13,
        type: 3}
      propertyPath: m_AnchorMax.y
      value: 0
      objectReference: {fileID: 0}
    - target: {fileID: 8757352276530004039, guid: f1ea1fab99bfaef40b4aa22f0b76ed13,
        type: 3}
      propertyPath: m_Pivot.x
      value: 0
      objectReference: {fileID: 0}
    - target: {fileID: 8757352276530004039, guid: f1ea1fab99bfaef40b4aa22f0b76ed13,
        type: 3}
      propertyPath: m_Pivot.y
      value: 0
      objectReference: {fileID: 0}
    - target: {fileID: 8757352276530004039, guid: f1ea1fab99bfaef40b4aa22f0b76ed13,
        type: 3}
      propertyPath: m_LocalScale.x
      value: 0
      objectReference: {fileID: 0}
    - target: {fileID: 8757352276530004039, guid: f1ea1fab99bfaef40b4aa22f0b76ed13,
        type: 3}
      propertyPath: m_LocalScale.y
      value: 0
      objectReference: {fileID: 0}
    - target: {fileID: 8757352276530004039, guid: f1ea1fab99bfaef40b4aa22f0b76ed13,
        type: 3}
      propertyPath: m_LocalScale.z
      value: 0
      objectReference: {fileID: 0}
    - target: {fileID: 8757352276753184186, guid: f1ea1fab99bfaef40b4aa22f0b76ed13,
        type: 3}
      propertyPath: m_Name
      value: Quarry
      objectReference: {fileID: 0}
    - target: {fileID: 8757352276910991310, guid: f1ea1fab99bfaef40b4aa22f0b76ed13,
        type: 3}
      propertyPath: m_Name
      value: HouseLVL2
      objectReference: {fileID: 0}
    - target: {fileID: 8757352276955207760, guid: f1ea1fab99bfaef40b4aa22f0b76ed13,
        type: 3}
      propertyPath: m_Name
      value: Sad
      objectReference: {fileID: 0}
    - target: {fileID: 8757352277147933291, guid: f1ea1fab99bfaef40b4aa22f0b76ed13,
        type: 3}
      propertyPath: m_Name
      value: HouseLVL3
      objectReference: {fileID: 0}
    - target: {fileID: 8757352277261728771, guid: f1ea1fab99bfaef40b4aa22f0b76ed13,
        type: 3}
      propertyPath: m_Name
      value: Exit
      objectReference: {fileID: 0}
    - target: {fileID: 8757352277384827838, guid: f1ea1fab99bfaef40b4aa22f0b76ed13,
        type: 3}
      propertyPath: m_Name
      value: LumberMill
      objectReference: {fileID: 0}
    - target: {fileID: 8757352277522664440, guid: f1ea1fab99bfaef40b4aa22f0b76ed13,
        type: 3}
      propertyPath: m_AnchoredPosition.x
      value: -275.1
      objectReference: {fileID: 0}
    - target: {fileID: 8757352277522910709, guid: f1ea1fab99bfaef40b4aa22f0b76ed13,
        type: 3}
      propertyPath: m_Name
      value: Gallows
      objectReference: {fileID: 0}
    m_RemovedComponents: []
  m_SourcePrefab: {fileID: 100100000, guid: f1ea1fab99bfaef40b4aa22f0b76ed13, type: 3}
--- !u!1 &1252490658
GameObject:
  m_ObjectHideFlags: 0
  m_CorrespondingSourceObject: {fileID: 0}
  m_PrefabInstance: {fileID: 0}
  m_PrefabAsset: {fileID: 0}
  serializedVersion: 6
  m_Component:
  - component: {fileID: 1252490661}
  - component: {fileID: 1252490660}
  - component: {fileID: 1252490659}
  - component: {fileID: 1252490662}
  m_Layer: 0
  m_Name: Camera
  m_TagString: MainCamera
  m_Icon: {fileID: 0}
  m_NavMeshLayer: 0
  m_StaticEditorFlags: 0
  m_IsActive: 1
--- !u!81 &1252490659
AudioListener:
  m_ObjectHideFlags: 0
  m_CorrespondingSourceObject: {fileID: 0}
  m_PrefabInstance: {fileID: 0}
  m_PrefabAsset: {fileID: 0}
  m_GameObject: {fileID: 1252490658}
  m_Enabled: 1
--- !u!20 &1252490660
Camera:
  m_ObjectHideFlags: 0
  m_CorrespondingSourceObject: {fileID: 0}
  m_PrefabInstance: {fileID: 0}
  m_PrefabAsset: {fileID: 0}
  m_GameObject: {fileID: 1252490658}
  m_Enabled: 1
  serializedVersion: 2
  m_ClearFlags: 1
  m_BackGroundColor: {r: 0.19215687, g: 0.3019608, b: 0.4745098, a: 0}
  m_projectionMatrixMode: 1
  m_GateFitMode: 2
  m_FOVAxisMode: 0
  m_SensorSize: {x: 36, y: 24}
  m_LensShift: {x: 0, y: 0}
  m_FocalLength: 50
  m_NormalizedViewPortRect:
    serializedVersion: 2
    x: 0
    y: 0
    width: 1
    height: 1
  near clip plane: 0.3
  far clip plane: 1000
  field of view: 60
  orthographic: 0
  orthographic size: 5
  m_Depth: 0
  m_CullingMask:
    serializedVersion: 2
    m_Bits: 4294967295
  m_RenderingPath: -1
  m_TargetTexture: {fileID: 0}
  m_TargetDisplay: 0
  m_TargetEye: 3
  m_HDR: 1
  m_AllowMSAA: 1
  m_AllowDynamicResolution: 0
  m_ForceIntoRT: 0
  m_OcclusionCulling: 1
  m_StereoConvergence: 10
  m_StereoSeparation: 0.022
--- !u!4 &1252490661
Transform:
  m_ObjectHideFlags: 0
  m_CorrespondingSourceObject: {fileID: 0}
  m_PrefabInstance: {fileID: 0}
  m_PrefabAsset: {fileID: 0}
  m_GameObject: {fileID: 1252490658}
  m_LocalRotation: {x: 0.30001873, y: -0, z: -0, w: 0.9539333}
  m_LocalPosition: {x: 13.314819, y: 57.73889, z: 19.5112}
  m_LocalScale: {x: 1, y: 1, z: 1}
  m_Children: []
  m_Father: {fileID: 665932505}
  m_RootOrder: 2
  m_LocalEulerAnglesHint: {x: 34.917, y: 0, z: 0}
--- !u!114 &1252490662
MonoBehaviour:
  m_ObjectHideFlags: 0
  m_CorrespondingSourceObject: {fileID: 0}
  m_PrefabInstance: {fileID: 0}
  m_PrefabAsset: {fileID: 0}
  m_GameObject: {fileID: 1252490658}
  m_Enabled: 1
  m_EditorHideFlags: 0
  m_Script: {fileID: 11500000, guid: 7d3409e1cd003fa49b9186ae5f17c68d, type: 3}
  m_Name: 
  m_EditorClassIdentifier: 
  speed: 10
  shiftspeed: 15
--- !u!114 &1267341133 stripped
MonoBehaviour:
  m_CorrespondingSourceObject: {fileID: 8757352275996778571, guid: f1ea1fab99bfaef40b4aa22f0b76ed13,
    type: 3}
  m_PrefabInstance: {fileID: 1204913127}
  m_PrefabAsset: {fileID: 0}
  m_GameObject: {fileID: 0}
  m_Enabled: 1
  m_EditorHideFlags: 0
  m_Script: {fileID: 11500000, guid: 5f7201a12d95ffc409449d95f23cf332, type: 3}
  m_Name: 
  m_EditorClassIdentifier: 
--- !u!114 &1268551890 stripped
MonoBehaviour:
  m_CorrespondingSourceObject: {fileID: 7739319848574790244, guid: f1ea1fab99bfaef40b4aa22f0b76ed13,
    type: 3}
  m_PrefabInstance: {fileID: 1204913127}
  m_PrefabAsset: {fileID: 0}
  m_GameObject: {fileID: 0}
  m_Enabled: 1
  m_EditorHideFlags: 0
  m_Script: {fileID: 11500000, guid: 5f7201a12d95ffc409449d95f23cf332, type: 3}
  m_Name: 
  m_EditorClassIdentifier: 
--- !u!1 &1360618620
GameObject:
  m_ObjectHideFlags: 0
  m_CorrespondingSourceObject: {fileID: 0}
  m_PrefabInstance: {fileID: 0}
  m_PrefabAsset: {fileID: 0}
  serializedVersion: 6
  m_Component:
  - component: {fileID: 1360618622}
  - component: {fileID: 1360618621}
  m_Layer: 0
  m_Name: GameController
  m_TagString: Untagged
  m_Icon: {fileID: 0}
  m_NavMeshLayer: 0
  m_StaticEditorFlags: 0
  m_IsActive: 1
--- !u!114 &1360618621
MonoBehaviour:
  m_ObjectHideFlags: 0
  m_CorrespondingSourceObject: {fileID: 0}
  m_PrefabInstance: {fileID: 0}
  m_PrefabAsset: {fileID: 0}
  m_GameObject: {fileID: 1360618620}
  m_Enabled: 1
  m_EditorHideFlags: 0
  m_Script: {fileID: 11500000, guid: 6532c79c456bbb34fabee49d0c0505f1, type: 3}
  m_Name: 
  m_EditorClassIdentifier: 
  people: []
  houses: 0
  spawnvalues: {x: 0, y: 0, z: 0}
  happiness: 0
  iron: 0
  wood: 0
  stone: 0
  Food: 0
  spawnWait: 0
  spawnMostWait: 0
  spawnLeastWait: 0
  startwait: 0
  woodcounter: {fileID: 1849063293}
  stonecounter: {fileID: 1781969232}
  ironcounter: {fileID: 533630796}
  popcounter: {fileID: 1419451850}
  happycounter: {fileID: 1267341133}
  foodcounter: {fileID: 1268551890}
  sad: {fileID: 634162386}
  happy: {fileID: 2019308030}
  buildingmenu: {fileID: 367573940}
  tavern: 0
  fight: 0
  GameManager: {fileID: 1410987607}
--- !u!4 &1360618622
Transform:
  m_ObjectHideFlags: 0
  m_CorrespondingSourceObject: {fileID: 0}
  m_PrefabInstance: {fileID: 0}
  m_PrefabAsset: {fileID: 0}
  m_GameObject: {fileID: 1360618620}
  m_LocalRotation: {x: 0, y: 0, z: 0, w: 1}
  m_LocalPosition: {x: 432.232, y: -468.21408, z: 414.24133}
  m_LocalScale: {x: 1, y: 1, z: 1}
  m_Children: []
  m_Father: {fileID: 0}
  m_RootOrder: 5
  m_LocalEulerAnglesHint: {x: 0, y: 0, z: 0}
--- !u!1 &1410987606
GameObject:
  m_ObjectHideFlags: 0
  m_CorrespondingSourceObject: {fileID: 0}
  m_PrefabInstance: {fileID: 0}
  m_PrefabAsset: {fileID: 0}
  serializedVersion: 6
  m_Component:
  - component: {fileID: 1410987608}
  - component: {fileID: 1410987607}
  m_Layer: 0
  m_Name: GameManager
  m_TagString: Game Manager
  m_Icon: {fileID: 0}
  m_NavMeshLayer: 0
  m_StaticEditorFlags: 0
  m_IsActive: 1
--- !u!114 &1410987607
MonoBehaviour:
  m_ObjectHideFlags: 0
  m_CorrespondingSourceObject: {fileID: 0}
  m_PrefabInstance: {fileID: 0}
  m_PrefabAsset: {fileID: 0}
  m_GameObject: {fileID: 1410987606}
  m_Enabled: 1
  m_EditorHideFlags: 0
  m_Script: {fileID: 11500000, guid: 3785794c808c9e24d847cc49cdc26189, type: 3}
  m_Name: 
  m_EditorClassIdentifier: 
  FarmerHouses: []
  AI:
  - {fileID: 6259339236781519261, guid: 2c6b54931a320984ca6c7d5efd00f09a, type: 3}
  aiSpawnLocation: {x: 0, y: 0, z: 0}
  defaultSpawnLocation: {x: 0, y: 0, z: 0}
  GameController: {fileID: 1360618621}
  Food: 0
--- !u!4 &1410987608
Transform:
  m_ObjectHideFlags: 0
  m_CorrespondingSourceObject: {fileID: 0}
  m_PrefabInstance: {fileID: 0}
  m_PrefabAsset: {fileID: 0}
  m_GameObject: {fileID: 1410987606}
  m_LocalRotation: {x: 0, y: 0, z: 0, w: 1}
  m_LocalPosition: {x: 419.97034, y: -476.2352, z: 422.6476}
  m_LocalScale: {x: 1, y: 1, z: 1}
  m_Children: []
  m_Father: {fileID: 0}
  m_RootOrder: 4
  m_LocalEulerAnglesHint: {x: 0, y: 0, z: 0}
--- !u!114 &1419451850 stripped
MonoBehaviour:
  m_CorrespondingSourceObject: {fileID: 8757352277009949686, guid: f1ea1fab99bfaef40b4aa22f0b76ed13,
    type: 3}
  m_PrefabInstance: {fileID: 1204913127}
  m_PrefabAsset: {fileID: 0}
  m_GameObject: {fileID: 0}
  m_Enabled: 1
  m_EditorHideFlags: 0
  m_Script: {fileID: 11500000, guid: 5f7201a12d95ffc409449d95f23cf332, type: 3}
  m_Name: 
  m_EditorClassIdentifier: 
--- !u!114 &1781969232 stripped
MonoBehaviour:
  m_CorrespondingSourceObject: {fileID: 8757352275536769777, guid: f1ea1fab99bfaef40b4aa22f0b76ed13,
    type: 3}
  m_PrefabInstance: {fileID: 1204913127}
  m_PrefabAsset: {fileID: 0}
  m_GameObject: {fileID: 0}
  m_Enabled: 1
  m_EditorHideFlags: 0
  m_Script: {fileID: 11500000, guid: 5f7201a12d95ffc409449d95f23cf332, type: 3}
  m_Name: 
  m_EditorClassIdentifier: 
--- !u!1 &1816176021
GameObject:
  m_ObjectHideFlags: 0
  m_CorrespondingSourceObject: {fileID: 0}
  m_PrefabInstance: {fileID: 0}
  m_PrefabAsset: {fileID: 0}
  serializedVersion: 6
  m_Component:
  - component: {fileID: 1816176022}
  m_Layer: 0
  m_Name: Target
  m_TagString: Untagged
  m_Icon: {fileID: 0}
  m_NavMeshLayer: 0
  m_StaticEditorFlags: 0
  m_IsActive: 1
--- !u!4 &1816176022
Transform:
  m_ObjectHideFlags: 0
  m_CorrespondingSourceObject: {fileID: 0}
  m_PrefabInstance: {fileID: 0}
  m_PrefabAsset: {fileID: 0}
  m_GameObject: {fileID: 1816176021}
  m_LocalRotation: {x: 0, y: 0, z: 0, w: 1}
  m_LocalPosition: {x: 0, y: 0, z: 0}
  m_LocalScale: {x: 1, y: 1, z: 1}
  m_Children: []
  m_Father: {fileID: 665932505}
  m_RootOrder: 0
  m_LocalEulerAnglesHint: {x: 0, y: 0, z: 0}
--- !u!114 &1849063293 stripped
MonoBehaviour:
  m_CorrespondingSourceObject: {fileID: 8757352277258653466, guid: f1ea1fab99bfaef40b4aa22f0b76ed13,
    type: 3}
  m_PrefabInstance: {fileID: 1204913127}
  m_PrefabAsset: {fileID: 0}
  m_GameObject: {fileID: 0}
  m_Enabled: 1
  m_EditorHideFlags: 0
  m_Script: {fileID: 11500000, guid: 5f7201a12d95ffc409449d95f23cf332, type: 3}
  m_Name: 
  m_EditorClassIdentifier: 
--- !u!1 &1868035005
GameObject:
  m_ObjectHideFlags: 0
  m_CorrespondingSourceObject: {fileID: 0}
  m_PrefabInstance: {fileID: 0}
  m_PrefabAsset: {fileID: 0}
  serializedVersion: 6
  m_Component:
  - component: {fileID: 1868035008}
  - component: {fileID: 1868035007}
  - component: {fileID: 1868035006}
  m_Layer: 0
  m_Name: EventSystem
  m_TagString: Untagged
  m_Icon: {fileID: 0}
  m_NavMeshLayer: 0
  m_StaticEditorFlags: 0
  m_IsActive: 1
--- !u!114 &1868035006
MonoBehaviour:
  m_ObjectHideFlags: 0
  m_CorrespondingSourceObject: {fileID: 0}
  m_PrefabInstance: {fileID: 0}
  m_PrefabAsset: {fileID: 0}
  m_GameObject: {fileID: 1868035005}
  m_Enabled: 1
  m_EditorHideFlags: 0
  m_Script: {fileID: 11500000, guid: 4f231c4fb786f3946a6b90b886c48677, type: 3}
  m_Name: 
  m_EditorClassIdentifier: 
  m_HorizontalAxis: Horizontal
  m_VerticalAxis: Vertical
  m_SubmitButton: Submit
  m_CancelButton: Cancel
  m_InputActionsPerSecond: 10
  m_RepeatDelay: 0.5
  m_ForceModuleActive: 0
--- !u!114 &1868035007
MonoBehaviour:
  m_ObjectHideFlags: 0
  m_CorrespondingSourceObject: {fileID: 0}
  m_PrefabInstance: {fileID: 0}
  m_PrefabAsset: {fileID: 0}
  m_GameObject: {fileID: 1868035005}
  m_Enabled: 1
  m_EditorHideFlags: 0
  m_Script: {fileID: 11500000, guid: 76c392e42b5098c458856cdf6ecaaaa1, type: 3}
  m_Name: 
  m_EditorClassIdentifier: 
  m_FirstSelected: {fileID: 0}
  m_sendNavigationEvents: 1
  m_DragThreshold: 10
--- !u!4 &1868035008
Transform:
  m_ObjectHideFlags: 0
  m_CorrespondingSourceObject: {fileID: 0}
  m_PrefabInstance: {fileID: 0}
  m_PrefabAsset: {fileID: 0}
  m_GameObject: {fileID: 1868035005}
  m_LocalRotation: {x: 0, y: 0, z: 0, w: 1}
  m_LocalPosition: {x: 0, y: 0, z: 0}
  m_LocalScale: {x: 1, y: 1, z: 1}
  m_Children: []
  m_Father: {fileID: 0}
  m_RootOrder: 1
  m_LocalEulerAnglesHint: {x: 0, y: 0, z: 0}
--- !u!114 &2019308030 stripped
MonoBehaviour:
  m_CorrespondingSourceObject: {fileID: 8757352276808893365, guid: f1ea1fab99bfaef40b4aa22f0b76ed13,
    type: 3}
  m_PrefabInstance: {fileID: 1204913127}
  m_PrefabAsset: {fileID: 0}
  m_GameObject: {fileID: 0}
  m_Enabled: 1
  m_EditorHideFlags: 0
  m_Script: {fileID: 11500000, guid: 1344c3c82d62a2a41a3576d8abb8e3ea, type: 3}
  m_Name: 
  m_EditorClassIdentifier: 
